
@inproceedings{Zargham-2011,
	Author = {M. Zargham and A. Ribeiro and A. Ozdaglar and A. Jadbabaie},
	Title = {{Accelerated dual descent for network optimization}},
	Booktitle = {{American Control Conference}},
	Address = {{San Francisco, CA, US}},
	Month = jun,
	Year = {2011}
	}
	
@inproceedings{piczak2015dataset,
  title = {ESC: Dataset for Environmental Sound Classification},
  author = {Piczak, Karol J.},
  booktitle = {Proceedings of the 23rd Annual ACM Conference on Multimedia},
  date = {2015-10-13},
  url = {http://dl.acm.org/citation.cfm?doid=2733373.2806390},
  doi = {10.1145/2733373.2806390},
  location = {Brisbane, Australia},
  isbn = {978-1-4503-3459-4},
  publisher = {ACM Press},
  pages = {1015-1018}
}

@inproceedings{piczak_cnn,
  author={Piczak, Karol J.},
  booktitle={2015 IEEE 25th International Workshop on Machine Learning for Signal Processing (MLSP)}, 
  title={Environmental sound classification with convolutional neural networks}, 
  year={2015},
  volume={},
  number={},
  pages={1-6},
  doi={10.1109/MLSP.2015.7324337}}
  
@inproceedings{tokozume_cnn,
  author={Tokozume, Yuji and Harada, Tatsuya},
  booktitle={2017 IEEE International Conference on Acoustics, Speech and Signal Processing (ICASSP)}, 
  title={Learning environmental sounds with end-to-end convolutional neural network}, 
  year={2017},
  volume={},
  number={},
  pages={2721-2725},
  doi={10.1109/ICASSP.2017.7952651}}
  
@article{ensemble_stacked_cnn,
  author = {Li, Shaobo and Yao, Yong and Hu, Jie and Liu, Guokai and Yao, Xuemei and Hu, Jianjun},
  title = {An Ensemble Stacked Convolutional Neural Network Model for Environmental Event Sound Recognition},
  journal = {Applied Sciences},
  volume = {8},
  year = {2018},
  number = {7},
  url = {https://www.mdpi.com/2076-3417/8/7/1152},
  issn = {2076-3417},
  doi = {10.3390/app8071152}}
  
@article{animal_audio_augment,
  author    = {Loris Nanni and Gianluca Maguolo and Michelangelo Paci},
  title     = {Data augmentation approaches for improving animal audio classification},
  journal   = {CoRR},
  volume    = {abs/1912.07756},
  year      = {2019},
  url       = {http://arxiv.org/abs/1912.07756}}
  
@article{Park_2019,
   title={SpecAugment: A Simple Data Augmentation Method for Automatic Speech Recognition},
   url={http://dx.doi.org/10.21437/Interspeech.2019-2680},
   DOI={10.21437/interspeech.2019-2680},
   journal={Interspeech 2019},
   publisher={ISCA},
   author={Park, Daniel S. and Chan, William and Zhang, Yu and Chiu, Chung-Cheng and Zoph, Barret and Cubuk, Ekin D. and Le, Quoc V.},
   year={2019},
   month={Sep}
}

@article{aclnet,
  author    = {Jonathan J. Huang and Juan Jose Alvarado Leanos},
  title     = {AclNet: efficient end-to-end audio classification {CNN}},
  journal   = {CoRR},
  volume    = {abs/1811.06669},
  year      = {2018},
  url       = {http://arxiv.org/abs/1811.06669}}
  
@article{salamon_bello,
  author    = {Justin Salamon and Juan Pablo Bello},
  title     = {Deep Convolutional Neural Networks and Data Augmentation for Environmental Sound Classification},
  journal   = {CoRR},
  volume    = {abs/1608.04363},
  year      = {2016},
  url       = {http://arxiv.org/abs/1608.04363}}
  
@article{alexnet,
  author = {Krizhevsky, Alex and Sutskever, Ilya and Hinton, Geoffrey},
  year = {2012},
  month = {01},
  pages = {},
  title = {ImageNet Classification with Deep Convolutional Neural Networks},
  volume = {25},
  journal = {Neural Information Processing Systems},
  doi = {10.1145/3065386}}

@inproceedings{vgg16,
  author    = {Karen Simonyan and Andrew Zisserman},
  editor    = {Yoshua Bengio and Yann LeCun},
  title     = {Very Deep Convolutional Networks for Large-Scale Image Recognition},
  booktitle = {3rd International Conference on Learning Representations, ICLR 2015, San Diego, CA, USA, May 7-9, 2015, Conference Track Proceedings},
  year      = {2015},
  url       = {http://arxiv.org/abs/1409.1556}}
  
  
@article{imagenet,
  author    = {Olga Russakovsky and Jia Deng and Hao Su and Jonathan Krause and Sanjeev Satheesh and Sean Ma and Zhiheng Huang and Andrej Karpathy and Aditya Khosla and Michael S. Bernstein and Alexander C. Berg and Fei-Fei Li},
  title     = {ImageNet Large Scale Visual Recognition Challenge},
  journal   = {CoRR},
  volume    = {abs/1409.0575},
  year      = {2014},
  url       = {http://arxiv.org/abs/1409.0575}}

@article{aclnet,
  author    = {Jonathan J. Huang and Juan Jose Alvarado Leanos},
  title     = {AclNet: efficient end-to-end audio classification {CNN}},
  journal   = {CoRR},
  volume    = {abs/1811.06669},
  year      = {2018},
  url       = {http://arxiv.org/abs/1811.06669}}
  
  
@article{Huzaifah17,
  author    = {Muhammad Huzaifah},
  title     = {Comparison of Time-Frequency Representations for Environmental Sound Classification using Convolutional Neural Networks},
  journal   = {CoRR},
  volume    = {abs/1706.07156},
  year      = {2017},
  url       = {http://arxiv.org/abs/1706.07156}}
  
  
@article{soundnet,
  author    = {Yusuf Aytar and Carl Vondrick and Antonio Torralba},
  title     = {SoundNet: Learning Sound Representations from Unlabeled Video},
  journal   = {CoRR},
  volume    = {abs/1610.09001},
  year      = {2016},
  url       = {http://arxiv.org/abs/1610.09001}}
  
@article{boddapati2017,
  title = {Classifying environmental sounds using image recognition networks},
  journal = {Procedia Computer Science},
  volume = {112},
  pages = {2048-2056},
  year = {2017},
  issn = {1877-0509},
  doi = {https://doi.org/10.1016/j.procs.2017.08.250},
  url = {https://www.sciencedirect.com/science/article/pii/S1877050917316599},
  author = {Venkatesh Boddapati and Andrej Petef and Jim Rasmusson and Lars Lundberg}}
  
@article{freitag2017,
  author    = {Michael Freitag and Shahin Amiriparian and Sergey Pugachevskiy and Nicholas Cummins and Bjorn W. Schuller},
  title     = {auDeep: Unsupervised Learning of Representations from Audio with Deep Recurrent Neural Networks},
  journal   = {CoRR},
  volume    = {abs/1712.04382},
  year      = {2017},
  url       = {http://arxiv.org/abs/1712.04382}}
  
  
@article{animal_augmentation,
  author    = {Loris Nanni and Gianluca Maguolo and Michelangelo Paci},
  title     = {Data augmentation approaches for improving animal audio classification},
  journal   = {CoRR},
  volume    = {abs/1912.07756},
  year      = {2019},
  url       = {http://arxiv.org/abs/1912.07756}}
  
  
@article{ensemble_stacked_cnn,
  author = {Li, Shaobo and Yao, Yong and Hu, Jie and Liu, Guokai and Yao, Xuemei and Hu, Jianjun},
  title = {An Ensemble Stacked Convolutional Neural Network Model for Environmental Event Sound Recognition},
  journal = {Applied Sciences},
  volume = {8},
  year = {2018},
  number = {7},
  url = {https://www.mdpi.com/2076-3417/8/7/1152}}
  
@inproceedings{urbansound8k,
  author = {Salamon, Justin and Jacoby, Christopher and Bello, Juan Pablo}, 
  title = {A Dataset and Taxonomy for Urban Sound Research},
  year = {2014},
  isbn = {9781450330633},
  publisher = {Association for Computing Machinery},
  address = {New York, NY, USA},
  url = {https://doi.org/10.1145/2647868.2655045},
  doi = {10.1145/2647868.2655045},
  booktitle = {Proceedings of the 22nd ACM International Conference on Multimedia},
  pages = {1041â€“1044},
  numpages = {4},
  keywords = {dataset, taxonomy, urban sound, classification},
  location = {Orlando, Florida, USA},
  series = {MM '14}}
  
@inproceedings{mcfee2015librosa,
  title={librosa: Audio and music signal analysis in python},
  author={McFee, Brian and Raffel, Colin and Liang, Dawen and Ellis, Daniel PW and McVicar, Matt and Battenberg, Eric and Nieto, Oriol},
  booktitle={Proceedings of the 14th python in science conference},
  volume={8},
  year={2015}}
  
  
@misc{piczakgithub,
  author = {karolpiczak},
  title = {ESC-50: Dataset for Environmental Sound Classification},
  year = {2015},
  publisher = {GitHub},
  journal = {GitHub repository},
  howpublished = {\url{https://https://github.com/karolpiczak/ESC-50}}

